@article{DBLP:journals/cea/PrzybyloJ19,
  author    = {Jaromir Przybylo and
               Miroslaw Jablonski},
  title     = {Using Deep Convolutional Neural Network for oak acorn viability recognition
               based on color images of their sections},
  journal   = {Computers and Electronics in Agriculture},
  volume    = {156},
  pages     = {490--499},
  year      = {2019},
  url       = {https://doi.org/10.1016/j.compag.2018.12.001},
  doi       = {10.1016/j.compag.2018.12.001},
  timestamp = {Thu, 31 Jan 2019 16:54:51 +0100},
  biburl    = {https://dblp.org/rec/bib/journals/cea/PrzybyloJ19},
  bibsource = {dblp computer science bibliography, https://dblp.org}
}

@inproceedings{Jablonski2016ColourBasedBD,
  title={Colour-Based Binary Discrimination of Scarified Quercus robur Acorns under Varying Illumination},
  author={Miroslaw Jablonski and Pawel Tylek and J{\'o}zef Walczyk and Ryszard Tadeusiewicz and Adam Pilat},
  booktitle={Sensors},
  year={2016}
}

@misc{liao2018hyperspectral,
    title={Hyperspectral Imaging Technology and Transfer Learning Utilized in Identification Haploid Maize Seeds},
    author={Wen-Xuan Liao and Xuan-Yu Wang and Dong An and Yao-Guang Wei},
    year={2018},
    eprint={1805.11784},
    archivePrefix={arXiv},
    primaryClass={cs.CV}
}

@article{DBLP:journals/corr/ZeilerF13,
  author    = {Matthew D. Zeiler and
               Rob Fergus},
  title     = {Visualizing and Understanding Convolutional Networks},
  journal   = {CoRR},
  volume    = {abs/1311.2901},
  year      = {2013},
  url       = {http://arxiv.org/abs/1311.2901},
  archivePrefix = {arXiv},
  eprint    = {1311.2901},
  timestamp = {Mon, 13 Aug 2018 16:48:37 +0200},
  biburl    = {https://dblp.org/rec/bib/journals/corr/ZeilerF13},
  bibsource = {dblp computer science bibliography, https://dblp.org}
}

@article{article,
author = {Olesen, Merete and Nikneshan, Pejman and Shrestha, Santosh and Tadayyon, Ali and Deleuran, Lise and Boelt, Birte and Gislum, Ren√©},
year = {2015},
month = {02},
pages = {4592-4604},
title = {Viability Prediction of Ricinus cummunis L. Seeds Using Multispectral Imaging},
volume = {15},
journal = {Sensors},
doi = {10.3390/s150204592}
}